<?xml version="1.0" encoding="UTF-8"?><record xmlns="http://www.loc.gov/MARC21/slim" xmlns:cinclude="http://apache.org/cocoon/include/1.0" xmlns:zs="http://www.loc.gov/zing/srw/">
  <leader>00516nz  a2200133n  4500</leader>
  <controlfield tag="001">no2010075187</controlfield>
  <controlfield tag="003">DLC</controlfield>
  <controlfield tag="005">20100507071033.0</controlfield>
  <controlfield tag="008">100505n| acannaabn          |n aaa     c</controlfield>
  <datafield tag="010" ind1=" " ind2=" ">
    <subfield code="a">no2010075187</subfield>
  </datafield>
  <datafield tag="035" ind1=" " ind2=" ">
    <subfield code="a">(OCoLC)oca08484880</subfield>
  </datafield>
  <datafield tag="040" ind1=" " ind2=" ">
    <subfield code="a">IEN</subfield>
    <subfield code="b">eng</subfield>
    <subfield code="c">IEN</subfield>
  </datafield>
  <datafield tag="100" ind1="1" ind2=" ">
    <subfield code="a">Idjer, Kamel</subfield>
  </datafield>
  <datafield tag="670" ind1=" " ind2=" ">
    <subfield code="a">Le grandiose et ma psychose, c2008:</subfield>
    <subfield code="b">t.p. (Kamel Idjer) p. 4 of cover (b. Jan. 17, 1966 in Constantine, Algeria, of pure Berber parents; moved to France at age 9, studied at Saint Ouen until age 19; suffered near-fatal illness)</subfield>
  </datafield>
</record>